<?xml version="1.0" encoding="UTF-8"?><collection xmlns="http://www.loc.gov/MARC21/slim"><record><leader>00642nam--2200217-u-4500</leader><controlfield tag="001">000050460</controlfield><controlfield tag="002">20161230</controlfield><controlfield tag="003">81849</controlfield><controlfield tag="005">20161230201048</controlfield><controlfield tag="008">070323s1000------------r-----000-0-eng-d</controlfield><datafield ind1=" " ind2=" " tag="020"><subfield code="a">3-540-40497-X</subfield></datafield><datafield ind1=" " ind2=" " tag="040"><subfield code="a">IFIN-HH</subfield></datafield><datafield ind1=" " ind2=" " tag="041"><subfield code="a">eng</subfield></datafield><datafield ind1="1" ind2=" " tag="100"><subfield code="a">Gallegati,Mauro.,Kirman,Alan P., Marsili,Matteo (Eds.)</subfield></datafield><datafield ind1="1" ind2="0" tag="245"><subfield code="a">The Complex Dynamics of Economic Interaction. Essays in Economics and Econophysics</subfield></datafield><datafield ind1=" " ind2=" " tag="260"><subfield code="a">Berlin</subfield><subfield code="b">Springer-Verlag</subfield><subfield code="c">2004</subfield></datafield><datafield ind1=" " ind2=" " tag="300"><subfield code="a">402 p</subfield></datafield><datafield ind1=" " ind2=" " tag="490"><subfield code="a">Lecture Notes in Economics and Mathematical Systems</subfield><subfield code="v">Vol.531</subfield></datafield><datafield ind1=" " ind2="4" tag="650"><subfield code="a">Economics</subfield></datafield><datafield ind1=" " ind2=" " tag="852"><subfield code="a">81849</subfield></datafield><datafield ind1=" " ind2=" " tag="CAT"><subfield code="a">Sys</subfield><subfield code="c">20070323</subfield><subfield code="h">075529</subfield></datafield></record></collection>